@ARTICLE{2015MNRAS.449.2219M,
       author = {{Melchior}, P. and {Suchyta}, E. and {Huff}, E. and {Hirsch}, M. and {Kacprzak}, T. and {Rykoff}, E. and {Gruen}, D. and {Armstrong}, R. and {Bacon}, D. and {Bechtol}, K. and {Bernstein}, G.~M. and {Bridle}, S. and {Clampitt}, J. and {Honscheid}, K. and {Jain}, B. and {Jouvel}, S. and {Krause}, E. and {Lin}, H. and {MacCrann}, N. and {Patton}, K. and {Plazas}, A. and {Rowe}, B. and {Vikram}, V. and {Wilcox}, H. and {Young}, J. and {Zuntz}, J. and {Abbott}, T. and {Abdalla}, F.~B. and {Allam}, S.~S. and {Banerji}, M. and {Bernstein}, J.~P. and {Bernstein}, R.~A. and {Bertin}, E. and {Buckley-Geer}, E. and {Burke}, D.~L. and {Castander}, F.~J. and {da Costa}, L.~N. and {Cunha}, C.~E. and {Depoy}, D.~L. and {Desai}, S. and {Diehl}, H.~T. and {Doel}, P. and {Estrada}, J. and {Evrard}, A.~E. and {Neto}, A. Fausti and {Fernandez}, E. and {Finley}, D.~A. and {Flaugher}, B. and {Frieman}, J.~A. and {Gaztanaga}, E. and {Gerdes}, D. and {Gruendl}, R.~A. and {Gutierrez}, G.~R. and {Jarvis}, M. and {Karliner}, I. and {Kent}, S. and {Kuehn}, K. and {Kuropatkin}, N. and {Lahav}, O. and {Maia}, M.~A.~G. and {Makler}, M. and {Marriner}, J. and {Marshall}, J.~L. and {Merritt}, K.~W. and {Miller}, C.~J. and {Miquel}, R. and {Mohr}, J. and {Neilsen}, E. and {Nichol}, R.~C. and {Nord}, B.~D. and {Reil}, K. and {Roe}, N.~A. and {Roodman}, A. and {Sako}, M. and {Sanchez}, E. and {Santiago}, B.~X. and {Schindler}, R. and {Schubnell}, M. and {Sevilla-Noarbe}, I. and {Sheldon}, E. and {Smith}, C. and {Soares-Santos}, M. and {Swanson}, M.~E.~C. and {Sypniewski}, A.~J. and {Tarle}, G. and {Thaler}, J. and {Thomas}, D. and {Tucker}, D.~L. and {Walker}, A. and {Wechsler}, R. and {Weller}, J. and {Wester}, W.},
        title = "{Mass and galaxy distributions of four massive galaxy clusters from Dark Energy Survey Science Verification data}",
      journal = {\mnras},
     keywords = {gravitational lensing: weak, galaxies: clusters: individual: RXC J2248.7-4431, galaxies: clusters: individual: 1E 0657-56, galaxies: clusters: individual: SCSO J233227-535827, galaxies: clusters: individual: Abell 3261, cosmology: observations, Astrophysics - Cosmology and Nongalactic Astrophysics, Astrophysics - Astrophysics of Galaxies},
         year = 2015,
        month = may,
       volume = {449},
       number = {3},
        pages = {2219-2238},
          doi = {10.1093/mnras/stv398},
archivePrefix = {arXiv},
       eprint = {1405.4285},
 primaryClass = {astro-ph.CO},
       adsurl = {https://ui.adsabs.harvard.edu/abs/2015MNRAS.449.2219M},
      adsnote = {Provided by the SAO/NASA Astrophysics Data System}
}


@ARTICLE{2016MNRAS.460.2245J,
       author = {{Jarvis}, M. and {Sheldon}, E. and {Zuntz}, J. and {Kacprzak}, T. and {Bridle}, S.~L. and {Amara}, A. and {Armstrong}, R. and {Becker}, M.~R. and {Bernstein}, G.~M. and {Bonnett}, C. and {Chang}, C. and {Das}, R. and {Dietrich}, J.~P. and {Drlica-Wagner}, A. and {Eifler}, T.~F. and {Gangkofner}, C. and {Gruen}, D. and {Hirsch}, M. and {Huff}, E.~M. and {Jain}, B. and {Kent}, S. and {Kirk}, D. and {MacCrann}, N. and {Melchior}, P. and {Plazas}, A.~A. and {Refregier}, A. and {Rowe}, B. and {Rykoff}, E.~S. and {Samuroff}, S. and {S{\'a}nchez}, C. and {Suchyta}, E. and {Troxel}, M.~A. and {Vikram}, V. and {Abbott}, T. and {Abdalla}, F.~B. and {Allam}, S. and {Annis}, J. and {Benoit-L{\'e}vy}, A. and {Bertin}, E. and {Brooks}, D. and {Buckley-Geer}, E. and {Burke}, D.~L. and {Capozzi}, D. and {Carnero Rosell}, A. and {Carrasco Kind}, M. and {Carretero}, J. and {Castander}, F.~J. and {Clampitt}, J. and {Crocce}, M. and {Cunha}, C.~E. and {D'Andrea}, C.~B. and {da Costa}, L.~N. and {DePoy}, D.~L. and {Desai}, S. and {Diehl}, H.~T. and {Doel}, P. and {Fausti Neto}, A. and {Flaugher}, B. and {Fosalba}, P. and {Frieman}, J. and {Gaztanaga}, E. and {Gerdes}, D.~W. and {Gruendl}, R.~A. and {Gutierrez}, G. and {Honscheid}, K. and {James}, D.~J. and {Kuehn}, K. and {Kuropatkin}, N. and {Lahav}, O. and {Li}, T.~S. and {Lima}, M. and {March}, M. and {Martini}, P. and {Miquel}, R. and {Mohr}, J.~J. and {Neilsen}, E. and {Nord}, B. and {Ogando}, R. and {Reil}, K. and {Romer}, A.~K. and {Roodman}, A. and {Sako}, M. and {Sanchez}, E. and {Scarpine}, V. and {Schubnell}, M. and {Sevilla-Noarbe}, I. and {Smith}, R.~C. and {Soares-Santos}, M. and {Sobreira}, F. and {Swanson}, M.~E.~C. and {Tarle}, G. and {Thaler}, J. and {Thomas}, D. and {Walker}, A.~R. and {Wechsler}, R.~H.},
        title = "{The DES Science Verification weak lensing shear catalogues}",
      journal = {\mnras},
     keywords = {gravitational lensing: weak, methods: data analysis, techniques: image processing, catalogues, surveys, cosmology: observations, Astrophysics - Instrumentation and Methods for Astrophysics, Astrophysics - Cosmology and Nongalactic Astrophysics},
         year = 2016,
        month = aug,
       volume = {460},
       number = {2},
        pages = {2245-2281},
          doi = {10.1093/mnras/stw990},
archivePrefix = {arXiv},
       eprint = {1507.05603},
 primaryClass = {astro-ph.IM},
       adsurl = {https://ui.adsabs.harvard.edu/abs/2016MNRAS.460.2245J},
      adsnote = {Provided by the SAO/NASA Astrophysics Data System}
}


@ARTICLE{2010MNRAS.404..350R,
       author = {{Rowe}, Barnaby},
        title = "{Improving PSF modelling for weak gravitational lensing using new methods in model selection}",
      journal = {\mnras},
     keywords = {gravitational lensing, methods: data analysis, methods: statistical, cosmology: observations, large-scale structure of Universe, Astrophysics - Cosmology and Extragalactic Astrophysics},
         year = 2010,
        month = may,
       volume = {404},
       number = {1},
        pages = {350-366},
          doi = {10.1111/j.1365-2966.2010.16277.x},
archivePrefix = {arXiv},
       eprint = {0904.3056},
 primaryClass = {astro-ph.CO},
       adsurl = {https://ui.adsabs.harvard.edu/abs/2010MNRAS.404..350R},
      adsnote = {Provided by the SAO/NASA Astrophysics Data System}
}


@software{2015ascl.soft08007J,
       author = {{Jarvis}, Mike},
        title = "{TreeCorr: Two-point correlation functions}",
 howpublished = {Astrophysics Source Code Library, record ascl:1508.007},
         year = 2015,
        month = aug,
          eid = {ascl:1508.007},
       adsurl = {https://ui.adsabs.harvard.edu/abs/2015ascl.soft08007J},
      adsnote = {Provided by the SAO/NASA Astrophysics Data System}
}

@ARTICLE{2021ApJS..253....3H,
       author = {{Hilton}, M. and {Sif{\'o}n}, C. and {Naess}, S. and {Madhavacheril}, M. and {Oguri}, M. and {Rozo}, E. and {Rykoff}, E. and {Abbott}, T.~M.~C. and {Adhikari}, S. and {Aguena}, M. and {Aiola}, S. and {Allam}, S. and {Amodeo}, S. and {Amon}, A. and {Annis}, J. and {Ansarinejad}, B. and {Aros-Bunster}, C. and {Austermann}, J.~E. and {Avila}, S. and {Bacon}, D. and {Battaglia}, N. and {Beall}, J.~A. and {Becker}, D.~T. and {Bernstein}, G.~M. and {Bertin}, E. and {Bhandarkar}, T. and {Bhargava}, S. and {Bond}, J.~R. and {Brooks}, D. and {Burke}, D.~L. and {Calabrese}, E. and {Carrasco Kind}, M. and {Carretero}, J. and {Choi}, S.~K. and {Choi}, A. and {Conselice}, C. and {da Costa}, L.~N. and {Costanzi}, M. and {Crichton}, D. and {Crowley}, K.~T. and {D{\"u}nner}, R. and {Denison}, E.~V. and {Devlin}, M.~J. and {Dicker}, S.~R. and {Diehl}, H.~T. and {Dietrich}, J.~P. and {Doel}, P. and {Duff}, S.~M. and {Duivenvoorden}, A.~J. and {Dunkley}, J. and {Everett}, S. and {Ferraro}, S. and {Ferrero}, I. and {Fert{\'e}}, A. and {Flaugher}, B. and {Frieman}, J. and {Gallardo}, P.~A. and {Garc{\'\i}a-Bellido}, J. and {Gaztanaga}, E. and {Gerdes}, D.~W. and {Giles}, P. and {Golec}, J.~E. and {Gralla}, M.~B. and {Grandis}, S. and {Gruen}, D. and {Gruendl}, R.~A. and {Gschwend}, J. and {Gutierrez}, G. and {Han}, D. and {Hartley}, W.~G. and {Hasselfield}, M. and {Hill}, J.~C. and {Hilton}, G.~C. and {Hincks}, A.~D. and {Hinton}, S.~R. and {Ho}, S. -P.~P. and {Honscheid}, K. and {Hoyle}, B. and {Hubmayr}, J. and {Huffenberger}, K.~M. and {Hughes}, J.~P. and {Jaelani}, A.~T. and {Jain}, B. and {James}, D.~J. and {Jeltema}, T. and {Kent}, S. and {Knowles}, K. and {Koopman}, B.~J. and {Kuehn}, K. and {Lahav}, O. and {Lima}, M. and {Lin}, Y. -T. and {Lokken}, M. and {Loubser}, S.~I. and {MacCrann}, N. and {Maia}, M.~A.~G. and {Marriage}, T.~A. and {Martin}, J. and {McMahon}, J. and {Melchior}, P. and {Menanteau}, F. and {Miquel}, R. and {Miyatake}, H. and {Moodley}, K. and {Morgan}, R. and {Mroczkowski}, T. and {Nati}, F. and {Newburgh}, L.~B. and {Niemack}, M.~D. and {Nishizawa}, A.~J. and {Ogando}, R.~L.~C. and {Orlowski-Scherer}, J. and {Page}, L.~A. and {Palmese}, A. and {Partridge}, B. and {Paz-Chinch{\'o}n}, F. and {Phakathi}, P. and {Plazas}, A.~A. and {Robertson}, N.~C. and {Romer}, A.~K. and {Carnero Rosell}, A. and {Salatino}, M. and {Sanchez}, E. and {Schaan}, E. and {Schillaci}, A. and {Sehgal}, N. and {Serrano}, S. and {Shin}, T. and {Simon}, S.~M. and {Smith}, M. and {Soares-Santos}, M. and {Spergel}, D.~N. and {Staggs}, S.~T. and {Storer}, E.~R. and {Suchyta}, E. and {Swanson}, M.~E.~C. and {Tarle}, G. and {Thomas}, D. and {To}, C. and {Trac}, H. and {Ullom}, J.~N. and {Vale}, L.~R. and {Van Lanen}, J. and {Vavagiakis}, E.~M. and {De Vicente}, J. and {Wilkinson}, R.~D. and {Wollack}, E.~J. and {Xu}, Z. and {Zhang}, Y.},
        title = "{The Atacama Cosmology Telescope: A Catalog of >4000 Sunyaev-Zel{\textquoteright}dovich Galaxy Clusters}",
      journal = {\apjs},
     keywords = {Galaxy clusters, Cosmology, Large-scale structure of the universe, Astrophysics - Cosmology and Nongalactic Astrophysics},
         year = 2021,
        month = mar,
       volume = {253},
       number = {1},
          eid = {3},
        pages = {3},
          doi = {10.3847/1538-4365/abd023},
archivePrefix = {arXiv},
       eprint = {2009.11043},
 primaryClass = {astro-ph.CO},
       adsurl = {https://ui.adsabs.harvard.edu/abs/2021ApJS..253....3H},
      adsnote = {Provided by the SAO/NASA Astrophysics Data System}
}

@ARTICLE{2021MNRAS.501.1282J,
       author = {{Jarvis}, M. and {Bernstein}, G.~M. and {Amon}, A. and {Davis}, C. and {L{\'e}get}, P.~F. and {Bechtol}, K. and {Harrison}, I. and {Gatti}, M. and {Roodman}, A. and {Chang}, C. and {Chen}, R. and {Choi}, A. and {Desai}, S. and {Drlica-Wagner}, A. and {Gruen}, D. and {Gruendl}, R.~A. and {Hernandez}, A. and {MacCrann}, N. and {Meyers}, J. and {Navarro-Alsina}, A. and {Pandey}, S. and {Plazas}, A.~A. and {Secco}, L.~F. and {Sheldon}, E. and {Troxel}, M.~A. and {Vorperian}, S. and {Wei}, K. and {Zuntz}, J. and {Abbott}, T.~M.~C. and {Aguena}, M. and {Allam}, S. and {Avila}, S. and {Bhargava}, S. and {Bridle}, S.~L. and {Brooks}, D. and {Carnero Rosell}, A. and {Carrasco Kind}, M. and {Carretero}, J. and {Costanzi}, M. and {da Costa}, L.~N. and {De Vicente}, J. and {Diehl}, H.~T. and {Doel}, P. and {Everett}, S. and {Flaugher}, B. and {Fosalba}, P. and {Frieman}, J. and {Garc{\'\i}a-Bellido}, J. and {Gaztanaga}, E. and {Gerdes}, D.~W. and {Gutierrez}, G. and {Hinton}, S.~R. and {Hollowood}, D.~L. and {Honscheid}, K. and {James}, D.~J. and {Kent}, S. and {Kuehn}, K. and {Kuropatkin}, N. and {Lahav}, O. and {Maia}, M.~A.~G. and {March}, M. and {Marshall}, J.~L. and {Melchior}, P. and {Menanteau}, F. and {Miquel}, R. and {Ogando}, R.~L.~C. and {Paz-Chinch{\'o}n}, F. and {Rykoff}, E.~S. and {Sanchez}, E. and {Scarpine}, V. and {Schubnell}, M. and {Serrano}, S. and {Sevilla-Noarbe}, I. and {Smith}, M. and {Suchyta}, E. and {Swanson}, M.~E.~C. and {Tarle}, G. and {Varga}, T.~N. and {Walker}, A.~R. and {Wester}, W. and {Wilkinson}, R.~D. and {DES Collaboration}},
        title = "{Dark Energy Survey year 3 results: point spread function modelling}",
      journal = {\mnras},
     keywords = {gravitational lensing: weak, techniques: image processing, catalogues, surveys, software: data analysis, cosmology: observations, Astrophysics - Instrumentation and Methods for Astrophysics, Astrophysics - Cosmology and Nongalactic Astrophysics},
         year = 2021,
        month = feb,
       volume = {501},
       number = {1},
        pages = {1282-1299},
          doi = {10.1093/mnras/staa3679},
archivePrefix = {arXiv},
       eprint = {2011.03409},
 primaryClass = {astro-ph.IM},
       adsurl = {https://ui.adsabs.harvard.edu/abs/2021MNRAS.501.1282J},
      adsnote = {Provided by the SAO/NASA Astrophysics Data System}
}

@ARTICLE{2003MNRAS.343..459H,
       author = {{Hirata}, Christopher and {Seljak}, Uro{\v{s}}},
        title = "{Shear calibration biases in weak-lensing surveys}",
      journal = {\mnras},
     keywords = {gravitational lensing, methods: data analysis, Astrophysics},
         year = 2003,
        month = aug,
       volume = {343},
       number = {2},
        pages = {459-480},
          doi = {10.1046/j.1365-8711.2003.06683.x},
archivePrefix = {arXiv},
       eprint = {astro-ph/0301054},
 primaryClass = {astro-ph},
       adsurl = {https://ui.adsabs.harvard.edu/abs/2003MNRAS.343..459H},
      adsnote = {Provided by the SAO/NASA Astrophysics Data System}
}

@ARTICLE{2005MNRAS.361.1287M,
       author = {{Mandelbaum}, Rachel and {Hirata}, Christopher M. and {Seljak}, Uro{\v{s}} and {Guzik}, Jacek and {Padmanabhan}, Nikhil and {Blake}, Cullen and {Blanton}, Michael R. and {Lupton}, Robert and {Brinkmann}, Jonathan},
        title = "{Systematic errors in weak lensing: application to SDSS galaxy-galaxy weak lensing}",
      journal = {\mnras},
     keywords = {gravitational lensing, galaxies: distances and redshifts, galaxies: halos, Astrophysics},
         year = 2005,
        month = aug,
       volume = {361},
       number = {4},
        pages = {1287-1322},
          doi = {10.1111/j.1365-2966.2005.09282.x},
archivePrefix = {arXiv},
       eprint = {astro-ph/0501201},
 primaryClass = {astro-ph},
       adsurl = {https://ui.adsabs.harvard.edu/abs/2005MNRAS.361.1287M},
      adsnote = {Provided by the SAO/NASA Astrophysics Data System}
}
@ARTICLE{2018MNRAS.481.3170M,
       author = {{Mandelbaum}, Rachel and {Lanusse}, Fran{\c{c}}ois and {Leauthaud}, Alexie and {Armstrong}, Robert and {Simet}, Melanie and {Miyatake}, Hironao and {Meyers}, Joshua E. and {Bosch}, James and {Murata}, Ryoma and {Miyazaki}, Satoshi and {Tanaka}, Masayuki},
        title = "{Weak lensing shear calibration with simulations of the HSC survey}",
      journal = {\mnras},
     keywords = {gravitational lensing: weak, methods: data analysis, methods: numerical, techniques: image processing, Astrophysics - Cosmology and Nongalactic Astrophysics, Astrophysics - Instrumentation and Methods for Astrophysics},
         year = 2018,
        month = dec,
       volume = {481},
       number = {3},
        pages = {3170-3195},
          doi = {10.1093/mnras/sty2420},
archivePrefix = {arXiv},
       eprint = {1710.00885},
 primaryClass = {astro-ph.CO},
       adsurl = {https://ui.adsabs.harvard.edu/abs/2018MNRAS.481.3170M},
      adsnote = {Provided by the SAO/NASA Astrophysics Data System}
}

@ARTICLE{2025OJAp....8E..26S,
       author = {{Schutt}, T. and {Jarvis}, M. and {Roodman}, A. and {Amon}, A. and {Becker}, M.~R. and {Gruendl}, R.~A. and {Yamamoto}, M. and {Bechtol}, K. and {Bernstein}, G.~M. and {Gatti}, M. and {Rykoff}, E.~S. and {Sheldon}, E. and {Troxel}, M.~A. and {Abbott}, T.~M.~C. and {Aguena}, M. and {Andrade-Oliveira}, F. and {Brooks}, D. and {Rosell}, A. Carnero and {Carretero}, J. and {Chang}, C. and {Choi}, A. and {Crocce}, M. and {da Costa}, L.~N. and {Davis}, T.~M. and {De Vicente}, J. and {Desai}, S. and {Diehl}, H.~T. and {Doel}, P. and {Fert{\'e}}, A. and {Frieman}, J. and {Garc{\'\i}a-Bellido}, J. and {Gaztanaga}, E. and {Gruen}, D. and {Gutierrez}, G. and {Hinton}, S.~R. and {Hollowood}, D.~L. and {Honscheid}, K. and {Kuehn}, K. and {Lahav}, O. and {Lee}, S. and {Lima}, M. and {Marshall}, J.~L. and {Mena-Fern{\'a}ndez}, J. and {Miquel}, R. and {Mohr}, J.~J. and {Myles}, J. and {Ogando}, R.~L.~C. and {Pieres}, A. and {Malag{\'o}n}, A.~A. Plazas and {Porredon}, A. and {Samuroff}, S. and {Sanchez}, E. and {Cid}, D. Sanchez and {Sevilla-Noarbe}, I. and {Smith}, M. and {Suchyta}, E. and {Tarle}, G. and {Vikram}, V. and {Walker}, A.~R. and {Weaverdyck}, N.},
        title = "{Dark Energy Survey Year 6 Results: Point-Spread Function Modeling}",
      journal = {The Open Journal of Astrophysics},
     keywords = {Astrophysics - Cosmology and Nongalactic Astrophysics, Astrophysics - Instrumentation and Methods for Astrophysics},
         year = 2025,
        month = mar,
       volume = {8},
          eid = {26},
        pages = {26},
          doi = {10.33232/001c.132299},
archivePrefix = {arXiv},
       eprint = {2501.05781},
 primaryClass = {astro-ph.CO},
       adsurl = {https://ui.adsabs.harvard.edu/abs/2025OJAp....8E..26S},
      adsnote = {Provided by the SAO/NASA Astrophysics Data System}
}



@Misc{SITCOMTN-149,
    author = "{Rubin Observatory Project}",
    title = "{An Interim Report on the ComCam On-Sky Campaign}",
    institution = "{Vera C. Rubin Observatory}",
    year = "2025",
    month = "January",
    handle = "SITCOMTN-149",
    type = "{Commissioning Technical Note}",
    number = "SITCOMTN-149",
    url = "https://sitcomtn-149.lsst.io/"
}

@INPROCEEDINGS{2011ASPC..442..435B,
       author = {{Bertin}, E.},
        title = "{Automated Morphometry with SExtractor and PSFEx}",
    booktitle = {Astronomical Data Analysis Software and Systems XX},
         year = 2011,
       editor = {{Evans}, I.~N. and {Accomazzi}, A. and {Mink}, D.~J. and {Rots}, A.~H.},
       series = {Astronomical Society of the Pacific Conference Series},
       volume = {442},
        month = jul,
        pages = {435},
       adsurl = {https://ui.adsabs.harvard.edu/abs/2011ASPC..442..435B},
      adsnote = {Provided by the SAO/NASA Astrophysics Data System}
}



@Misc{SITCOMTN-163,
    author = "{P. Adari, et al.}",
    title = "{Source Selection for Abell 360 in ComCam Data}",
    institution = "{Vera C. Rubin Observatory}",
    year = "2025",
    month = "January",
    handle = "SITCOMTN-163",
    type = "{Commissioning Technical Note}",
    number = "SITCOMTN-163",
    url = "https://sitcomtn-163.lsst.io/"
}

@Misc{SITCOMTN-162,
    author = "{M. Gorsuch, et al.}",
    title = "{Testing the implementation of Metadetection and Cell-Based Coadds on Abell 360 ComCam data}",
    institution = "{Vera C. Rubin Observatory}",
    year = "2025",
    month = "January",
    handle = "SITCOMTN-162",
    type = "{Commissioning Technical Note}",
    number = "SITCOMTN-162",
    url = "https://sitcomtn-162.lsst.io/"
}


@Misc{DMTN-017,
    author = "{I.S. Sullivan, D.J. Reiss}",
    title = "{Differential Chromatic Refraction: literature overview}",
    institution = "{Vera C. Rubin Observatory}",
    year = "2015",
    month = "January",
    handle = "DMTN-017",
    type = "{Data Management Technical Note}",
    number = "DMTN-017",
    url = "https://dmtn-017.lsst.io/"
}

@Misc{RTN-095,
    author = "{The Vera C. Rubin Observatory}",
    title = "{The Vera C. Rubin Observatory Data Preview 1}",
    institution = "{Vera C. Rubin Observatory}",
    year = "2025",
    month = "January",
    handle = "RTN-095",
    type = "{Commissioning Technical Note}",
    number = "RTN-095",
    url = "https://rtn-095.lsst.io/"
}
